<record><leader>00000cas a22000007a 4500</leader><controlfield tag="001">28572312</controlfield><controlfield tag="008">930805d191u1920cauwr ne      0    0eng d</controlfield><datafield ind1=" " ind2=" " tag="010"><subfield code="a">sn 93053374 </subfield></datafield><datafield ind1=" " ind2=" " tag="040"><subfield code="a">CNK</subfield><subfield code="b">eng</subfield><subfield code="c">CNK</subfield><subfield code="d">OCLCQ</subfield></datafield><datafield ind1=" " ind2=" " tag="042"><subfield code="a">msc</subfield></datafield><datafield ind1="0" ind2=" " tag="130"><subfield code="a">Times (Templeton, Calif.)</subfield></datafield><datafield ind1="1" ind2="4" tag="245"><subfield code="a">The times.</subfield></datafield><datafield ind1=" " ind2=" " tag="260"><subfield code="a">Templeton, San Luis Obispo County, Calif. :</subfield><subfield code="b">Jack Osborn</subfield></datafield><datafield ind1=" " ind2=" " tag="300"><subfield code="a">v.</subfield></datafield><datafield ind1=" " ind2=" " tag="310"><subfield code="a">Weekly</subfield></datafield><datafield ind1="0" ind2=" " tag="362"><subfield code="a">-v. 9, no. 27 (Oct. 7, 1920).</subfield></datafield><datafield ind1=" " ind2=" " tag="500"><subfield code="a">Publication moved to: Eaglet, Calif., June 17, 1920.</subfield></datafield><datafield ind1=" " ind2=" " tag="515"><subfield code="a">Issues for June 17-Oct. 7, 1920 called old no. 11-old no. 27; also called new no. 1-new no. 17.</subfield></datafield><datafield ind1=" " ind2=" " tag="588"><subfield code="a">Description based on: Vol. 2, no. 1 (Mar. 6, 1913).</subfield></datafield><datafield ind1=" " ind2="4" tag="651"><subfield code="a">Eaglet (Calif.)</subfield><subfield code="v">Newspapers.</subfield></datafield><datafield ind1=" " ind2="4" tag="651"><subfield code="a">Templeton (Calif.)</subfield><subfield code="v">Newspapers.</subfield></datafield><datafield ind1=" " ind2="4" tag="651"><subfield code="a">Atascadero (Calif.)</subfield><subfield code="v">Newspapers.</subfield></datafield><datafield ind1=" " ind2=" " tag="752"><subfield code="a">United States</subfield><subfield code="b">California</subfield><subfield code="c">San Luis Obispo</subfield><subfield code="d">Atascadero.</subfield></datafield><datafield ind1=" " ind2=" " tag="752"><subfield code="a">United States</subfield><subfield code="b">California</subfield><subfield code="c">San Luis Obispo</subfield><subfield code="d">Templeton.</subfield></datafield><datafield ind1="0" ind2="0" tag="785"><subfield code="t">Eaglet times</subfield><subfield code="w">(DLC)sn 93053375</subfield></datafield><datafield ind1="1" ind2=" " tag="029"><subfield code="a">AU@</subfield><subfield code="b">000025906762</subfield></datafield></record>